<zs:record>
      <zs:recordPacking>xml</zs:recordPacking>
      <zs:recordData>
        <record xmlns="http://www.loc.gov/MARC21/slim">
          <leader>00535nz a2200133 4500</leader>
          <controlfield tag="001">30006358</controlfield>
          <controlfield tag="003">RISM</controlfield>
          <controlfield tag="005">20121108</controlfield>
          <controlfield tag="008">121108n||az|||||||##########||||||||||||</controlfield>
          <datafield tag="043" ind1=" " ind2=" ">
            <subfield code="c">Ukraine</subfield>
          </datafield>
          <datafield tag="110" ind1="2" ind2=" ">
            <subfield code="a">Naukowa Biblioteka L'wiws'koho nacional'noho uniwersytetu im. Ivana Franka</subfield>
            <subfield code="c">L'viv</subfield>
            <subfield code="g">UA-LVu</subfield>
          </datafield>
          <datafield tag="622" ind1=" " ind2=" ">
            <subfield code="e">Naukowa Biblioteka L'wiws'koho, nacional'noho uniwersytetu im. Ivana, Franka, vul.
              Dragomanova, 5, 79601 L'viv, Ukraine</subfield>
            <subfield code="u">http://library.lnu.edu.ua/bibl/</subfield>
          </datafield>
          <datafield tag="710" ind1="2" ind2=" ">
            <subfield code="a">Biblioteka Klasztoru oo. Cystersów</subfield>
            <subfield code="0">30076941</subfield>
          </datafield>
          <datafield tag="852" ind1="2" ind2=" ">
            <subfield code="b">49.363692, 23.33068</subfield>
          </datafield>
          <idzebra xmlns="http://www.indexdata.dk/zebra/">
            <size>535</size>
            <score>788</score>
            <localnumber>833343</localnumber>
            <filename>sigla/sigla.mrc</filename>
          </idzebra>
        </record>
      </zs:recordData>
      <zs:recordPosition>6</zs:recordPosition>
    </zs:record>